<record><leader>00000cas a22000007a 4500</leader><controlfield tag="001">38599980</controlfield><controlfield tag="008">980313c19289999vaudr ne      0    0eng d</controlfield><datafield ind1=" " ind2=" " tag="010"><subfield code="a">sn 98068303 </subfield></datafield><datafield ind1=" " ind2=" " tag="040"><subfield code="a">NVK</subfield><subfield code="b">eng</subfield><subfield code="c">NVK</subfield><subfield code="d">OCL</subfield><subfield code="d">OCLCQ</subfield><subfield code="d">NVK</subfield><subfield code="d">OCLCF</subfield><subfield code="d">OCLCO</subfield></datafield><datafield ind1="1" ind2=" " tag="029"><subfield code="a">AU@</subfield><subfield code="b">000013798247</subfield></datafield><datafield ind1=" " ind2=" " tag="042"><subfield code="a">msc</subfield></datafield><datafield ind1=" " ind2=" " tag="043"><subfield code="a">n-us-va</subfield></datafield><datafield ind1="0" ind2="4" tag="245"><subfield code="a">The Hopewell news.</subfield></datafield><datafield ind1="3" ind2=" " tag="246"><subfield code="a">Hopewell news patriot</subfield></datafield><datafield ind1="3" ind2=" " tag="246"><subfield code="a">Hopewell news news-patriot</subfield></datafield><datafield ind1="3" ind2=" " tag="246"><subfield code="a">Hopewell new news patriot</subfield></datafield><datafield ind1=" " ind2=" " tag="260"><subfield code="a">Hopewell, Va. :</subfield><subfield code="b">Tri-County Print. and Pub. Co.,</subfield><subfield code="c">1928-</subfield></datafield><datafield ind1=" " ind2=" " tag="300"><subfield code="a">v.</subfield></datafield><datafield ind1=" " ind2=" " tag="310"><subfield code="a">Daily,</subfield><subfield code="b">Jan. 3, 1949-</subfield></datafield><datafield ind1=" " ind2=" " tag="321"><subfield code="a">Daily,</subfield><subfield code="b">June 8, 1928-&lt;Jan. 3, 1929&gt;</subfield></datafield><datafield ind1=" " ind2=" " tag="321"><subfield code="a">Semiweekly,</subfield><subfield code="b">&lt;Feb. 5, 1929-May 5, 1931&gt;</subfield></datafield><datafield ind1=" " ind2=" " tag="321"><subfield code="a">Weekly,</subfield><subfield code="b">&lt;July 10, 1931-Dec. 1935&gt;</subfield></datafield><datafield ind1=" " ind2=" " tag="321"><subfield code="a">Semiweekly,</subfield><subfield code="b">Jan. 2, 1936-Dec. 31, 1948</subfield></datafield><datafield ind1="0" ind2=" " tag="362"><subfield code="a">Vol. 1, no. 1 (June 8, 1928)-</subfield></datafield><datafield ind1=" " ind2=" " tag="500"><subfield code="a">Editor: J.R. Williamson, (1928- ).</subfield></datafield><datafield ind1=" " ind2="0" tag="651"><subfield code="a">Hopewell (Va.)</subfield><subfield code="v">Newspapers.</subfield></datafield><datafield ind1=" " ind2="0" tag="651"><subfield code="a">Prince George County (Va.)</subfield><subfield code="v">Newspapers.</subfield></datafield><datafield ind1=" " ind2="0" tag="651"><subfield code="a">Charles City County (Va.)</subfield><subfield code="v">Newspapers.</subfield></datafield><datafield ind1=" " ind2="0" tag="651"><subfield code="a">Chesterfield County (Va.)</subfield><subfield code="v">Newspapers.</subfield></datafield><datafield ind1=" " ind2="7" tag="655"><subfield code="a">Newspapers.</subfield><subfield code="2">fast</subfield><subfield code="0">(OCoLC)fst01423814</subfield></datafield><datafield ind1=" " ind2="7" tag="651"><subfield code="a">Virginia</subfield><subfield code="z">Charles City County.</subfield><subfield code="2">fast</subfield><subfield code="0">(OCoLC)fst01209625</subfield></datafield><datafield ind1=" " ind2="7" tag="651"><subfield code="a">Virginia</subfield><subfield code="z">Chesterfield County.</subfield><subfield code="2">fast</subfield><subfield code="0">(OCoLC)fst01210521</subfield></datafield><datafield ind1=" " ind2="7" tag="651"><subfield code="a">Virginia</subfield><subfield code="z">Hopewell.</subfield><subfield code="2">fast</subfield><subfield code="0">(OCoLC)fst01222127</subfield></datafield><datafield ind1=" " ind2="7" tag="651"><subfield code="a">Virginia</subfield><subfield code="z">Prince George County.</subfield><subfield code="2">fast</subfield><subfield code="0">(OCoLC)fst01225034</subfield></datafield><datafield ind1=" " ind2=" " tag="752"><subfield code="a">United States</subfield><subfield code="b">Virginia</subfield><subfield code="d">Hopewell.</subfield></datafield><datafield ind1="0" ind2="0" tag="780"><subfield code="t">City and tri-county news</subfield><subfield code="w">(DLC)sn 95067642</subfield></datafield></record>